@online{hexwiki,
  author = {Wikipedia contributors},
  title = {Hex (board game)},
  year = 2021,
  url = { https://en.wikipedia.org/w/index.php?title=Hex_(board_game)&oldid=1022723060},
  urldate = {2021-05-18}
}

@article{ref1,
        author = {Auer, Peter and Cesa-Bianchi, Nicolò and Fischer, Paul},
        title = {Finite-time Analysis of the Multiarmed Bandit Problem},
        journal = {Machine Learning},
        month = {05},
        year = {2002}
}

@inproceedings{ref2,
author = {Kocsis, Levente and Szepesvári, Csaba},
year = {2006},
month = {09},
pages = {282-293},
title = {Bandit Based Monte-Carlo Planning},
volume = {2006},
isbn = {978-3-540-45375-8},
journal = {Machine Learning: ECML},
doi = {10.1007/11871842_29}
}

@book{expcst,
 title = {Intelligence Artificielle une Approche Ludique},
 author = {Cazenav, Tristan},
 year  = {2011},
 x-language  = {fr}
 page = {96}
 }
 
 @article{rave,
author = {Saffidine, Abdallah},
year = {2021},
month = {05},
pages = {},
title = {Utilisation d'UCT au Hex}
}

@inproceedings{grave,
author = {Cazenave, Tristan},
year = {2015},
month = {01},
pages = {},
title = {Generalized Rapid Action Value Estimation}
}
